@article{premsankar2018,
    author={Premsankar, Gopika and Di Francesco, Mario and Taleb, Tarik},
    journal={IEEE Internet of Things Journal},
    title={Edge Computing for the Internet of Things: A Case Study},
    volume={5},
    number={2},
    pages={1275-1284},
    year={2018},
}

@article{guerot2013,
    title={Energy-aware simulation with DVFS},
    journal={Simulation Modelling Practice and Theory},
    year={2013},
    note={S.I.Energy efficiency in grids and clouds},
    author={Tom Guérout and Thierry Monteil and Georges {Da Costa} and Rodrigo
            {Neves Calheiros} and Rajkumar Buyya and Mihai Alexandru}
}

@article{rostirolla2022,
    title={A survey of challenges and solutions for the integration of
           renewable energy in datacenters},
    journal={Renewable and Sustainable Energy Reviews},
    year={2022},
    volume={155},
    pages={111787},
    author={G. Rostirolla and L. Grange and T. Minh-Thuyen and P. Stolf and
            J.M. Pierson and G. {Da Costa} and G. Baudic and M. Haddad and A.
            Kassab and J.M. Nicod and L. Philippe and V. Rehn-Sonigo and R.
            Roche and B. Celik and S. Caux and J. Lecuivre}
}

@inproceedings{tu2013,
    author={Tu, Jinlong and Lu, Lian and Chen, Minghua and Sitaraman, Ramesh
            K.},
    title={Dynamic Provisioning in Next-Generation Data Centers with on-Site
           Power Production},
    booktitle={e-Energy '13: Proceedings of the fourth international conference
               on Future energy systems},
    year={2013},
    pages={137–148},
    publisher={Association for Computing Machinery}
}

@inproceedings{leaf,
    author={Wiesner, Philipp and Thamsen, Lauritz},
    booktitle={2021 IEEE 5th International Conference on Fog and Edge Computing
               (ICFEC)},
    title={{LEAF}: Simulating Large Energy-Aware Fog Computing Environments},
    year={2021}
}

@article{cloudsim,
    title={CloudSim: a toolkit for modeling and simulation of cloud computing
           environments and evaluation of resource provisioning algorithms},
    author={Calheiros, Rodrigo N and Ranjan, Rajiv and Beloglazov, Anton and De
            Rose, C{\'e}sar AF and Buyya, Rajkumar},
    journal={Software: Practice and experience},
    volume = {41},
    number = {1},
    year={2011},
    publisher = {John Wiley & Sons, Inc.}
}

@article{barroso2007,
    author={Barroso, Luiz André and Hölzle, Urs},
    journal={Computer},
    title={The Case for Energy-Proportional Computing},
    volume={40},
    number={12},
    pages={33-37},
    year={2007}
}

@inproceedings{wiesner2022,
    author={Wiesner, Philipp and Scheinert, Dominik and Wittkopp, Thorsten and
            Thamsen, Lauritz and Kao, Odej},
    title={Cucumber: Renewable-Aware Admission Control for Delay-Tolerant Cloud
           and Edge Workloads},
    booktitle={Proceedings of the 28th International European Conference on
               Parallel and Distributed Computing},
    year={2022},
    series={Euro-Par},
    publisher={Springer}
}

@article{karimiafshar2020,
    author={Karimiafshar, Aref and Hashemi, Massoud Reza and Heidarpour,
            Mohammad Reza and Toosi, Adel N.},
    journal={IEEE Internet of Things Journal},
    title={Effective Utilization of Renewable Energy Sources in Fog Computing
           Environment via Frequency and Modulation Level Scaling},
    year={2020},
    volume={7},
    number={11},
    pages={10912-10921}
}

@article{toor2019,
    title={Energy and performance aware fog computing: A case of DVFS and green
           renewable energy},
    journal={Future Generation Computer Systems},
    volume={101},
    pages={1112-1121},
    year={2019},
    author={Asfa Toor and Saif ul Islam and Nimra Sohail and Adnan Akhunzada
            and Jalil Boudjadar and Hasan Ali Khattak and Ikram Ud Din and Joel
            J.P.C. Rodrigues}
}

@article{ifogsim,
    title={Ifogsim2: An extended ifogsim simulator for mobility, clustering,
           and microservice management in edge and fog computing environments},
    author={Mahmud, Redowan and Pallewatta, Samodha and Goudarzi, Mohammad and
            Buyya, Rajkumar},
    journal={Journal of Systems and Software},
    pages={111351},
    year={2022},
    publisher={Elsevier}
}

@inproceedings{chameleon,
    author={Kate Keahey and Jason Anderson and Zhuo Zhen and Pierre Riteau
              and Paul Ruth and Dan Stanzione and Mert Cevik and Jacob Colleran
              and Haryadi S. Gunawi and Cody Hammock and Joe Mambretti and
              Alexander Barnes and Fran{\c c}ois Halbah and Alex Rocha and Joe
              Stubbs},
    title={Lessons Learned from the Chameleon Testbed},
    booktitle={2020 USENIX Annual Technical Conference (USENIX ATC 20)},
    year={2020},
    pages={219--233},
    publisher={USENIX Association}
}

@article{xia2012,
    title={Internet of things},
    author={Xia, Feng and Yang, Laurence T and Wang, Lizhe and Vinel, Alexey},
    journal={International journal of communication systems},
    volume={25},
    number={9},
    pages={1101},
    year={2012}
}

@techreport{cisco2020,
    author={{Cisco Systems}},
    title={Annual Internet Report (2018--2023)},
    type={White Paper},
    year={2020},
    institution={Cisco Systems}
}

@book{buyya2019,
    title={Fog and edge computing: principles and paradigms},
    author={Buyya, Rajkumar and Srirama, Satish Narayana},
    year={2019},
    pages={28--29},
    publisher={John Wiley \& Sons}
}

@techreport{iorga2018,
    author={Michaela Iorga and Larry Feldman and Robert Barton and Michael
            Martin and Nedim Goren and Charif Mahmoudi},
    title={Fog Computing Conceptual Model},
    year={2018},
    institution={Special Publication (NIST SP), National Institute of Standards
               and Technology, Gaithersburg, MD}
}

@manual{switchdoc_suncontrol,
    author={{SwitchDoc Labs}},
    title={SunControl - Advanced Solar Controller / Charger / Sun Tracker / Data Gathering Grove/Header},
    organization={{SwitchDoc Labs LLC}},
    year={2018}
}

@misc{atos2020,
    author={{Atos SE}},
    title={Quality control in production line},
    year={2020}
}
